@string(RED="Review of Economic Dynamics")
@string(QJE="Quarterly Journal of Economics")
@string(JME="Journal of Monetary Economics")
@string(JAE="Journal of Applied Econometrics")
@string(JEDC="Journal of Economic Dynamics and Control")
@string(AER="American Economic Review")
@string(JMCB="Journal of Money, Credit and Banking")
@string(RES="Review of Economics and Statistics");

@article{herromurray,
  author="Nicholas Herro and James Murray",
  title="Dynamics of Monetary Policy Uncertainty and the Impact on the Macroeconomy",
  journal="Economics Bulletin",
  volume=33,
  pages="257-270",
  year=2013
}

@unpublished{murray,
  author="James Murray",
  title="Fiscal Policy Uncertainty and Its Macroeconomic Consequences",
  note="Working Paper",
  year=2015
}

@article{haupertmurray,
  author="Michael Haupert and James Murray",
  title="Regime switching and wages in major league baseball under the reserve clause",
  journal="Cliometrica",
  volume=6,
  pages="143-162",
  year=2012
}

